
@article{HooStu14,
  title={On the empirical scaling of run-time for finding optimal solutions to the travelling salesman problem},
  author={Hoos, Holger H and St{\"u}tzle, Thomas},
  journal={European Journal of Operational Research},
  volume={238},
  number={1},
  pages={87--94},
  year={2014},
  publisher={Elsevier},
  mynotes = {not used}
}

@incollection{BirEtAl10,
  title={F-Race and iterated F-Race: An overview},
  author={Birattari, Mauro and Yuan, Zhi and Balaprakash, Prasanna and St{\"u}tzle, Thomas},
  booktitle={Experimental methods for the analysis of optimization algorithms},
  pages={311--336},
  year={2010},
  publisher={Springer},
  mynotes = {not used}
}

@article{samer2009fixed,
  title={Fixed-Parameter Tractability},
  author={Samer, Marko and Szeider, Stefan},
  journal={Handbook of Satisfiability},
  number={part 1},
  year={2009},
  mynotes = {not used}
}

@incollection{balint2013generating,
  title={Generating the uniform random benchmarks for {SAT} competition 2013},
  author={Balint, Adrian and Heule, Marijn JH and Belov, Anton and J{\"a}rvisalo, Matti},
  booktitle={Proceedings of {SAT} Competition 2013},
  pages={97},
  year={2013},
  mynotes = {not used}
}

@inproceedings{gent1994sat,
  title={The {SAT} phase transition},
  author={Gent, Ian P and Walsh, Toby},
  booktitle={Proceedings of ECAI 1994},
  volume={94},
  pages={105--109},
  year={1994},
  organization={PITMAN},
  mynotes = {not used}
}

@article{crawford1996experimental,
  title={Experimental results on the crossover point in random 3-{SAT}},
  author={Crawford, James M and Auton, Larry D},
  journal={Artificial Intelligence},
  volume={81},
  number={1},
  pages={31--57},
  year={1996},
  publisher={Elsevier}
}

@article{mertens2006threshold,
  title={Threshold values of random k-{SAT} from the cavity method},
  author={Mertens, Stephan and M{\'e}zard, Marc and Zecchina, Riccardo},
  journal={Random Structures and Algorithms},
  volume={28},
  number={3},
  pages={340--373},
  year={2006},
  publisher={Wiley Online Library}
}

@techreport{Hoo09,
  title={A bootstrap approach to analysing the scaling of empirical run-time data with problem size},
  author={Hoos, Holger H.},
  pages={1-18},
  year={2009},
  institution={TR-2009-16, Department of Computer Science, University of British Columbia}
}

@book{efron1993introduction,
  title={An Introduction to the Bootstrap, vol. 57 of Monographs on Statistics and Applied Probability},
  author={Efron, Bradley and Tibshirani, Robert J},
  year={1993},
  publisher={New York: Chapman and Hall}
}

@article{gent1993empirical,
  title={An Empirical Analysis of Search in {GSAT}},
  author={Gent, Ian P and Walsh, Toby},
  journal={Journal of Artificial Intelligence Research},
  volume={1},
  pages={47--59},
  year={1993}
}

@article{hoos2000local,
  title={Local search algorithms for {SAT}: An empirical evaluation},
  author={Hoos, Holger H and St{\"u}tzle, Thomas},
  journal={Journal of Automated Reasoning},
  volume={24},
  number={4},
  pages={421--481},
  year={2000},
  publisher={Springer}
}

@misc{satcompetition2015sat,
  title={The international {SAT} Competitions web page},
  author={SatCompetition.org},
  year={2014},
  url={http://www.satcompetition.org/},
  note={Last visited on 24 October 2015}
}

@article{roussel2011controlling,
  title={Controlling a Solver Execution with the runsolver Tool system description},
  author={Roussel, Olivier},
  journal={Journal on Satisfiability, Boolean Modeling and Computation},
  volume={7},
  pages={139--144},
  year={2011}
}

@inproceedings{dequen2004kcnfs,
  title={Kcnfs: An efficient solver for random k-{SAT} formulae},
  author={Dequen, Gilles and Dubois, Olivier},
  booktitle={Proceedings of SAT 2004},
  pages={486--501},
  year={2004},
  organization={Springer}
}

@article{battiti1994reactive,
  title={The reactive tabu search},
  author={Battiti, Roberto and Tecchiolli, Giampietro},
  journal={ORSA Journal on Computing},
  volume={6},
  number={2},
  pages={126--140},
  year={1994},
  publisher={INFORMS}
}

@inproceedings{li2014balance,
  title={Balance between intensification and diversification: a unity of opposites},
  author={Li, Chumin and Huang, Chong and Xu, Ruchu},
  booktitle={Proceedings of SAT Competition 2014},
  pages={10--11},
  year={2014}
}

@inproceedings{gableske2014solver,
  title={Dimetheus},
  author={Gableske, Oliver},
  booktitle={Proceedings of SAT Competition 2014},
  pages={29},
  year={2014}
}

@inproceedings{balint2014probsat,
  title={prob{SAT} and pprob{SAT}},
  author={Balint, Adrian and Sch{\"o}ning, Uwe},
  booktitle={Proceedings of SAT Competition 2014},
  pages={63},
  year={2014}
}

@inproceedings{malitsky2013csch,
  title={CSCH-based Portfolio using CCSat and March},
  author={Malitsky, Yuri and Sabharwal, Ashish and Samulowitz, Horst and Sellmann, Meinolf},
  booktitle={Proceedings of SAT Competition 2013},
  pages={28},
  year={2013}
}

@inproceedings{heule2013march,
  title={march\_br},
  author={Heule, Marijn JH},
  booktitle={Proceedings of SAT Competition 2013},
  pages={53},
  year={2013}
}

@inproceedings{heule2009march,
  title={march\_hi: Solver description},
  author={Heule, Marjin JH and van Marren, Hans},
  booktitle={Proceedings of SAT Competition 2009},
  pages={23--24},
  year={2009}
}

@inproceedings{balint2012sat,
  title={{SAT} challenge 2012 random {SAT} track: Description of benchmark generation},
  author={Balint, Adrian and Belov, Anton and J{\"a}rvisalo, Matti and Sinz, Carsten},
  booktitle={Proceedings of SAT Challenge 2012},
  pages={72},
  year={2012}
}

@inproceedings{selman1994noise,
  title={Noise strategies for improving local search},
  author={Selman, Bart and Kautz, Henry A and Cohen, Bram},
  booktitle={Proceedings of AAAI 1994},
  pages={337--343},
  year={1994}
}

@inproceedings{gent1997scaling,
  title={The scaling of search cost},
  author={Gent, Ian P and MacIntyre, Ewan and Prosser, Patrick and Walsh, Toby},
  booktitle={Proceedings of AAAI/IAAI 1997},
  pages={315--320},
  year={1997}
}

@inproceedings{cook1971complexity,
  title={The complexity of theorem-proving procedures},
  author={Cook, Stephen A},
  booktitle={Proceedings of STOC 1971},
  pages={151--158},
  year={1971},
  organization={ACM}
}

@inproceedings{mitchell1992hard,
  title={Hard and easy distributions of {SAT} problems},
  author={Mitchell, David and Selman, Bart and Levesque, Hector},
  booktitle={Proceedings of AAAI 1992},
  pages={459--465},
  year={1992}
}

@article{franco1983probabilistic,
  title={Probabilistic analysis of the {D}avis {P}utnam procedure for solving the satisfiability problem},
  author={Franco, John and Paull, Marvin},
  journal={Discrete Applied Mathematics},
  volume={5},
  number={1},
  pages={77--87},
  year={1983},
  publisher={Elsevier}
}

@article{kirousis1998approximating,
  title={Approximating the unsatisfiability threshold of random formulas},
  author={Kirousis, Lefteris M and Kranakis, Evangelos and Krizanc, Danny and Stamatiou, Yannis C and others},
  journal={Random Structures and Algorithms},
  volume={12},
  number={3},
  pages={253--269},
  year={1998}
}

@article{achlioptas2004threshold,
  title={The threshold for random k-{SAT} is $2^k\log2-{O}(k)$},
  author={Achlioptas, Dimitris and Peres, Yuval},
  journal={Journal of the American Mathematical Society},
  volume={17},
  number={4},
  pages={947--973},
  year={2004}
}

@inproceedings{coja2014asymptotic,
  title={The asymptotic k-{SAT} threshold},
  author={Coja-Oghlan, Amin},
  booktitle={Proceedings of STOC 2014},
  pages={804--813},
  year={2014},
  organization={ACM}
}

@inproceedings{cheeseman1991rhp,
  title={Where the really hard problems are},
  author={Cheeseman, Peter and Kanefsky, Bob and Taylor, William M},
  booktitle={Proceedings of IJCAI 1991},
  pages={331--337},
  year={1991}
}

@inproceedings{gent1993towards,
  title={Towards an understanding of hill-climbing procedures for {SAT}},
  author={Gent, Ian P and Walsh, Toby},
  booktitle={Proceedings of AAAI 1993},
  pages={28--33},
  year={1993}
}

@article{wilson2002critical,
  title={On the critical exponents of random k-{SAT}},
  author={Wilson, David B},
  journal={Random Structures \& Algorithms},
  volume={21},
  number={2},
  pages={182--195},
  year={2002},
  publisher={Wiley Online Library}
}

@inproceedings{parkes1996tuning,
  title={Tuning local search for satisfiability testing},
  author={Parkes, Andrew J and Walser, Joachim P},
  booktitle={Proceedings of AAAI/IAAI 1996},
  pages={356--362},
  year={1996}
}

@inproceedings{selman1992new,
  title={A New Method for Solving Hard Satisfiability Problems},
  author={Selman, Bart and Levesque, Hector J and Mitchell, David G and others},
  booktitle={Proceedings of AAAI 1992},
  pages={440--446},
  year={1992}
}

@incollection{balint2012choosing,
  title={Choosing probability distributions for stochastic local search and the role of make versus break},
  author={Balint, Adrian and Sch{\"o}ning, Uwe},
  booktitle={Proceedings of SAT 2012},
  pages={16--29},
  year={2012},
  publisher={Springer}
}

@inproceedings{parkes1997clustering,
  title={Clustering at the phase transition},
  author={Parkes, Andrew J},
  booktitle={Proceedings of AAAI/IAAI 1997},
  pages={340--345},
  year={1997},
  organization={Citeseer}
}

@incollection{yokoo1997adding,
  title={Why adding more constraints makes a problem easier for hill-climbing algorithms: Analyzing landscapes of {CSP}s},
  author={Yokoo, Makoto},
  booktitle={Proceedings of CP 1997},
  pages={356--370},
  year={1997},
  publisher={Springer}
}

@article{kirkpatrick1994critical,
  title={Critical behavior in the satisfiability of random boolean expressions},
  author={Kirkpatrick, Scott and Selman, Bart},
  journal={Science},
  volume={264},
  number={5163},
  pages={1297--1301},
  year={1994},
  publisher={American Association for the Advancement of Science}
}

@inproceedings{MuHoo15,
  title     = {On the empirical time complexity of random 3-{SAT} at the phase transition},
  author    = {Mu, Zongxu and Hoos, Holger H.},
 sauthor   = {Mu, Z. and Hoos, H.},
  pages     = {367--373},
  booktitle = {Proceedings of the 24th International Joint Conference on Artificial Intelligence ({IJCAI} 2015)},
 sbooktitle    = {Proc. of {IJCAI} 2015},
  year      = {2015}
}

@incollection{pan2006symbolic,
  title={Symbolic techniques in satisfiability solving},
  author={Pan, Guoqiang and Vardi, Moshe Y},
  booktitle={Proceedings of SAT 2006},
  pages={25--50},
  year={2006},
  publisher={Springer}
}

@incollection{coarfa2000random,
  title={Random 3-{SAT}: The plot thickens},
  author={Coarfa, Cristian and Demopoulos, Demetrios D and Aguirre, Alfonso San Miguel and Subramanian, Devika and Vardi, Moshe Y},
  booktitle={Proceedings of CP 2000},
  pages={143--159},
  year={2000},
  publisher={Springer}
}

@article{friedgut1999sharp,
  title={Sharp thresholds of graph properties, and the k-{SAT} problem},
  author={Friedgut, Ehud and Bourgain, Jean},
  journal={Journal of the American Mathematical Society},
  volume={12},
  number={4},
  pages={1017--1054},
  year={1999}
}

@inproceedings{cai2012configuration,
  title={Configuration Checking with Aspiration in Local Search for SAT},
  author={Cai, Shaowei and Su, Kaile},
  booktitle={Proceedings of AAAI 2012},
  year={2012},
  pages={434--440}
}

@inproceedings{biere2014yet,
  title={Yet another local search solver and lingeling and friends entering the {SAT} competition 2014},
  author={Biere, Armin},
  booktitle={Proceedings of SAT Competition 2014},
  pages={39},
  year={2014}
}

@inproceedings{tompkins2005ubcsat,
  title={{UBCSAT}: An implementation and experimentation environment for {SLS} algorithms for {SAT} and {MAX-SAT}},
  author={Tompkins, Dave AD and Hoos, Hoos H},
  booktitle={Proceedings of SAT 2005},
  pages={306--320},
  year={2005},
  organization={Springer}
}

@article{coarfa2003random,
  title={Random 3-{SAT}: The plot thickens},
  author={Coarfa, Cristian and Demopoulos, Demetrios D and Aguirre, Alfonso San Miguel and Subramanian, Devika and Vardi, Moshe Y},
  journal={Constraints},
  volume={8},
  number={3},
  pages={243--261},
  year={2003},
  publisher={Springer}
}

@inproceedings{mu2015esa,
 author = {Mu, Zongxu and Hoos, Holger H},
 title = {Empirical Scaling Analyser: An Automated System for Empirical Analysis of Performance Scaling},
 booktitle = {Companion Publication of GECCO 2015},
 year = {2015},
 pages = {771--772}
} 

@article{hoos2015empirical,
  title={On the empirical time complexity of finding optimal solutions vs proving optimality for {E}uclidean {TSP} instances},
  author={Hoos, Holger H and St{\"u}tzle, Thomas},
  journal={Optimization Letters},
  year={2015},
  volume={9},
  pages={1247-1254},
  publisher={Springer}
}

@inproceedings{DubEtAl15,
  title     = {On the Empirical Scaling Behaviour of State-of-the-art Local Search Algorithms for the {Euclidean TSP}},
  author    = {Dubois-Lacoste, J{\'e}r{\'e}mie and Hoos, Holger H. and St{\"u}tzle, Thomas},
 sauthor   = {Dubois-Lacoste, J. and Hoos, H. and St{\"u}tzle, T.},
  booktitle = {Proceedings of the 17th International Genetic and Evolutionary Computation Conference ({GECCO} 2015)},
 sbooktitle    = {Proc. of {GECCO} 2015},
  pages     = {377--384},
  year      = {2015},
  xorganization  = {ACM}
}


@book{garey1979computers,
  title={Computers and intractability: A guide to the theory of {NP}-completeness},
  author={Garey, Michael R and Johnson, David S},
  year={1979},
  publisher={San Francisco, CA: Freeman}
}

@article{papadimitriou1977euclidean,
  title={The Euclidean travelling salesman problem is NP-complete},
  author={Papadimitriou, Christos H},
  journal={Theoretical Computer Science},
  volume={4},
  number={3},
  pages={237--244},
  year={1977},
  publisher={Elsevier}
}

@article{arora1998polynomial,
  title={Polynomial time approximation schemes for Euclidean traveling salesman and other geometric problems},
  author={Arora, Sanjeev},
  journal={Journal of the ACM},
  volume={45},
  number={5},
  pages={753--782},
  year={1998},
  publisher={ACM}
}

@book{applegate2006traveling,
  title={The Traveling Salesman Problem: A Computational Study},
  author={Applegate, David L and Bixby, Robert E and Chv{\'a}tal, Vasek and Cook, William J},
  year={2006},
  publisher={Princeton University Press}
}

@article{applegate2012concorde,
  title={The traveling salesman problem, concorde {TSP} solver},
  author={Applegate, David L and Bixby, Robert E and Chv{\'a}tal, Vasek and Cook, William J},
  year={2012},
  url={http://www.tsp.gatech.edu/concorde},
  note={Last visited on 24 October 2015}
}

@article{helsgaun2000effective,
  title={An effective implementation of the {L}in--{K}ernighan traveling salesman heuristic},
  author={Helsgaun, Keld},
  journal={European Journal of Operational Research},
  volume={126},
  number={1},
  pages={106--130},
  year={2000},
  publisher={Elsevier}
}

@article{helsgaun2009general,
  title={General k-opt submoves for the {L}in--{K}ernighan {TSP} heuristic},
  author={Helsgaun, Keld},
  journal={Mathematical Programming Computation},
  volume={1},
  number={2-3},
  pages={119--163},
  year={2009},
  publisher={Springer}
}

@inproceedings{Nag97,
  title={Edge Assembly Crossover: A High-power Genetic Algorithm for the Traveling Salesman Problem},
  author={Nagata, Yuichi},
  booktitle={Proceedings of the 7th International Conference on Genetic Algorithms ({ICGA} 1997)},
  pages={450--457},
  year={1997}
}

@Article{NagKob13,
  author     = {Nagata, Yuichi and Kobayashi, Shigenobu},
 sauthor     = {Nagata, Y. and Kobayashi, S.},
  title      = {A Powerful Genetic Algorithm Using Edge Assembly Crossover for the Traveling Salesman Problem},
  journal    = {Institute for Operations Research and the Management Sciences Journal on Computing ({INFORMS JOC})},
 sjournal    = {{INFORMS JOC}},
  year       = {2013},
  volume     = {25},
  number     = {2},
  pages      = {346--363},
  xacmid      = {2466704},
  xaddress    = {Institute for Operations Research and the Management Sciences (INFORMS), Linthicum, Maryland, USA},
  xdoi       = {10.1287/ijoc.1120.0506},
  xissn       = {1526-5528},
  xissue_date = {Spring 2013},
  xkeywords   = {crossover, genetic algorithm, population diversity, traveling salesman},
  xnumpages   = {18},
  xpublisher  = {INFORMS},
  xurl        = {http://dx.doi.org/10.1287/ijoc.1120.0506},
}


@incollection{mcgeoch1997find,
  title={How to find big-oh in your data set (and how not to)},
  author={McGeoch, Catherine and Precup, Doina and Cohen, Paul R},
  booktitle={Proceedings of IDA 1997},
  pages={41--52},
  year={1997},
  publisher={Springer}
}

@incollection{McgEtAl02,
  title={Using finite experiments to study asymptotic performance},
  author={McGeoch, Catherine and Sanders, Peter and Fleischer, Rudolf and Cohen, Paul R. and Precup, Doina},
  booktitle={Experimental Algorithmics},
  pages={93--126},
  year={2002},
  publisher={Springer}
}

@article{bentley1993engineering,
  title={Engineering a sort function},
  author={Bentley, Jon L and McIlroy, M Douglas},
  journal={Software -- Practice and Experience},
  volume={23},
  number={11},
  pages={1249--1265},
  year={1993}
}

@article{biggar2008experimental,
  title={An experimental study of sorting and branch prediction},
  author={Biggar, Paul and Nash, Nicholas and Williams, Kevin and Gregg, David},
  journal={Journal of Experimental Algorithmics},
  volume={12},
  pages={1--8},
  year={2008},
  publisher={ACM}
}

@inproceedings{li2004dynamically,
  title={A dynamically tuned sorting library},
  author={Li, Xiaoming and Garzar{\'a}n, Mar{\'\i}a Jes{\'u}s and Padua, David},
  booktitle={Proceedings of CGO 2004},
  pages={111--122},
  year={2004},
  organization={IEEE}
}

@incollection{SubDes05,
  title={On the empirical efficiency of the vertex contraction algorithm for detecting negative cost cycles in networks},
  author={Subramani, Kiruba and Desovski, Dejan},
  booktitle={Proceedings of the 5th International Conference on Computational Science ({ICCS} 2005)},
  pages={180--187},
  year={2005},
  publisher={Springer}
}

@techreport{Kun02,
  title={Empirical Complexities of Longest Common Subsequence Algorithms},
  author={Kunkle, Daniel},
  year={2002},
  institution={Computer Science Department, Rochester Institute of Technology, NY, USA}
}

@article{AguEtAl07,
  title={Computational {RNA} secondary structure design: Empirical complexity and improved methods},
  author={Aguirre-Hern{\'a}ndez, Rosal{\'\i}a and Hoos, Holger H. and Condon, Anne},
  journal={BMC Bioinformatics},
  volume={8},
  number={1},
  pages={34},
  year={2007},
  xpublisher={BioMed Central Ltd}
}

@article{braunstein2005survey,
  title={Survey propagation: An algorithm for satisfiability},
  author={Braunstein, Alfredo and M{\'e}zard, Marc and Zecchina, Riccardo},
  journal={Random Structures \& Algorithms},
  volume={27},
  number={2},
  pages={201--226},
  year={2005},
  publisher={Wiley Online Library}
}

@incollection{hutter2011sequential,
  title={Sequential model-based optimization for general algorithm configuration},
  author={Hutter, Frank and Hoos, Holger H and Leyton-Brown, Kevin},
  booktitle={Proceedings of LION 2011},
  pages={507--523},
  year={2011},
  publisher={Springer}
}

@incollection{sanders2001asymptotic,
  title={Asymptotic complexity from experiments? {A} case study for randomized algorithms},
  author={Sanders, Peter and Fleischer, Rudolf},
  booktitle={Algorithm Engineering},
  pages={135--146},
  year={2001},
  publisher={Springer}
}

@inproceedings{goldsmith2007measuring,
  title={Measuring empirical computational complexity},
  author={Goldsmith, Simon F and Aiken, Alex S and Wilkerson, Daniel S},
  booktitle={Proceedings of ESEC/FSE 2007},
  pages={395--404},
  year={2007},
  organization={ACM}
}

@article{mu2015empiricalTSP,
  title={On the Empirical Scaling for Finding Optimal Solutions of the {TSP} Problem},
  author={Mu, Zongxu and Dubois-Lacoste, J{\'e}r{\'e}mie and Hoos, Holger H and St{\"u}tzle, Thomas},
  journal={In preparation},
  year={2015}
}

@inproceedings{MuEtAl16,
    author      = {Mu, Zongxu and Hoos, Holger H. and St{\"{u}}tzle, Thomas},
   sauthor     = {Mu, Z. and Hoos, H. and St{\"{u}}tzle, T.},
    xeditor     = {Paola Festa and Meinolf Sellmann and Joaquin Vanschore},
    title       = {The Impact of Automated Algorithm Configuration on the Scaling Behaviour of State-of-the-Art Inexact {TSP} Solvers},
    booktitle   = {Proceedings of the 10th International Conference on Learning and Intelligent Optimization (LION 2016)},
   sbooktitle  = {Proc. of {LION} 2016},
    xseries     = {Lecture Notes in Computer Science},
    series      = {LNCS},
    volume      = {10079},
    pages       = {157--172},
    xpublisher  = {Springer},
    year        = {2016},
    tags        = {AI, empirical algorithmics, machine learning, algorithm configuration, performance prediction, TSP}
}

@mastersthesis{Mu15,
  Author    = {Mu, Zongxu},
  title     = {Analysing the empirical time complexity of high-performance algorithms for {SAT} and {TSP}},
  school    = {University of British Columbia},
  address   = {Vancouver, Canada},
  year      = {2015}
}

@InProceedings{StyEtAl12,
  author    = {Styles, James and Hoos, Holger H. and M\"{u}ller, Martin},
  title     = {Automatically Configuring Algorithms for Scaling Performance},
  booktitle = {Proceedings of the 6th International Conference on Learning and Intelligent Optimization ({LION 2012})},
  year      = {2012},
 sbooktitle= {Proc. of (LION 2012)},
  pages     = {205--219},
  xaddress   = {Berlin, Heidelberg},
  xpublisher = {Springer-Verlag},
  xacmid     = {2427412},
  xdoi       = {10.1007/978-3-642-34413-8_15},
  xisbn      = {978-3-642-34412-1},
  xlocation  = {Paris, France},
  xnumpages  = {15},
 sauthor   = {J. Styles and H. Hoos and M. M\"{u}ller},
  xurl       = {http://dx.doi.org/10.1007/978-3-642-34413-8_15},
  mynotes   = {Introduced Train-Easy Select-Intermediate (TE-SI) and applied it to LKH for TSP-Lib instances, MIP, and a GO solver, Feugo. They briefly mention (one sentance) that they allowed the LKH parameters to scale with instance size during configuration, though they appear to provide no details on how this was done. Configuration was done using ParamILS. They performed a bootstrap analysis of the configuration procedure by running hundreds of independent ParamILS runs and then taking 100,000 bootstrap samples of varying sizes. This let them plot a graph showing performance of configuration procedures (with bootstrap confidence intervals) vs total CPU budget. One thing I hadn't initially realized with this is that it appears they define the intermediate sized problem instance set by running the default configuration on all of the available instances and using those within a chosen percentile of the empirical run-time distribution as the intermediate set. This seems like a serious disadvantage to me, as it means that you have to first be able to run all of the test instances with the default configuration...}
}

@InProceedings{StyHoo13,
  author    = {Styles, James and Holger H. Hoos},
  title     = {Ordered Racing Protocols for Automatically Configuring Algorithms for Scaling Performance},
  booktitle = {Proceedings of the 15th International Conference on Genetic and Evolutionary Computation ({GECCO} 2013)},
 sbooktitle = {Proc. of {GECCO} 2013},
  year      = {2013},
  pages     = {551--558},
  xaddress   = {New York, NY, USA},
  xpublisher = {ACM},
  xacmid     = {2463438},
  xdoi       = {10.1145/2463372.2463438},
  xisbn      = {978-1-4503-1963-8},
  keywords  = {empirical study, machine learning, parameter tuning},
  xlocation  = {Amsterdam, The Netherlands},
  xnumpages  = {8},
 sauthor   = {J. Styles and H. Hoos},
  xurl       = {http://doi.acm.org/10.1145/2463372.2463438},
  mynotes = {The ordered racing procedure's biggest problem, in my opinion, is that requires that you have an ordering of the instances difficulty defined by the running time required for the default configuration. It using the Boneferri multiple testing correction to adjust the alpha for the n-1 pairwise tests performed at each stage of the race between the incumbent and the n-1 challengers. However, this does not perform multiple testing correction for the many many times that permutation tests are performed across the stages of the race. They used a ton of resamples for their permutation tests (100 000) which seems strange. They have some applications that have near-oracle selection performance, and others that obtain only similar performance to the default, even though better configurations are found. They make no mention of indepedent runs of the target algorithms, but Holger believes this is because non of the other algorithms were randomized, and hence they only performed one run per instance.},
}

@article{davis1960computing,
  title={A computing procedure for quantification theory},
  author={Davis, Martin and Putnam, Hilary},
  journal={Journal of the ACM},
  volume={7},
  number={3},
  pages={201--215},
  year={1960},
  publisher={ACM}
}

@article{davis1962machine,
  title={A machine program for theorem-proving},
  author={Davis, Martin and Logemann, George and Loveland, Donald},
  journal={Communications of the ACM},
  volume={5},
  number={7},
  pages={394--397},
  year={1962},
  publisher={ACM}
}

@incollection{kotthoff2015improving,
  title={Improving the State of the Art in Inexact TSP Solving using Per-Instance Algorithm Selection},
  author={Kotthoff, Lars and Kerschke, Pascal and Hoos, Holger and Trautmann, Heike},
  booktitle={Proceedings of LION 2015},
  year={2015},
  publisher={Springer}
}

@misc{bzip2,
  author={{bzip.org}},
  title={{bzip2 project homepage}},
  url={http://www.bzip.org/},
  note={Last visited on 24 October 2015}
}

@misc{gcov,
  author={{gnu.org}},
  title={{gcov documentation}},
  url={http://gcc.gnu.org/onlinedocs/gcc/Gcov.html},
  note={Last visited on 24 October 2015}
}

@article{levenberg1944method,
  title={A Method for the Solution of Certain Problems in Least Squares},
  author={Levenberg, Kenneth},
  journal={Quarterly of Applied Mathematics},
  year={1944},
  volume={2},
  pages={164-168}
}

@article{marquardt1963algorithm,
  title={An algorithm for least-squares estimation of nonlinear parameters},
  author={Marquardt, Donald W},
  journal={Journal of the Society for Industrial \& Applied Mathematics},
  volume={11},
  number={2},
  pages={431--441},
  year={1963},
  publisher={SIAM}
}

@article{johnson20018th,
  title={8th {DIMACS} implementation challenge},
  author={Johnson, David and McGeoch, Lyle and Rego, Cesar and Glover, Fred},
  url={http://dimacs.rutgers.edu/Challenges/TSP/},
  year={2001},
  note={Last visited on 24 October 2015}
}


%---------------Yasha added the references below here

@article{HooStu99,
 author = {Hoos, Holger H. and St\"{u}tzle, Thomas},
 sauthor = {H. Holger and T. St\"{u}tzle},
 title = {Towards a Characterisation of the Behaviour of Stochastic Local Search Algorithms for {SAT}},
 sjournal = {Artif. Intell.},
 journal = {Artificial Intelligence},
 xissue_date = {Aug. 1999},
 volume = {112},
 number = {1-2},
 xmonth = aug,
 year = {1999},
 issn = {0004-3702},
 pages = {213--232},
 numpages = {20},
 xurl = {http://dx.doi.org/10.1016/S0004-3702(99)00048-X},
 xdoi = {10.1016/S0004-3702(99)00048-X},
 xacmid = {319109},
 xpublisher = {Elsevier Science Publishers Ltd.},
 xaddress = {Essex, UK},
 xkeywords = {SAT, empirical evaluation of algorithms, parallelisation, run-time distributions, stochastic local search},
} 

@article{MuEtAl17,
  title={On the empirical scaling of running time for finding optimal solutions to the TSP},
  author={Mu, Zongxu and Dubois-Lacoste, J{\'e}r{\'e}mie and Hoos, Holger H. and St{\"u}tzle, Thomas},
  journal={Journal of Heuristics},
  pages={1--20},
  year={2017},
  publisher={Springer}
}


@article{ZapHau12,
  title     = {Algorithmic profiling},
  author    = {Zaparanuks, Dmitrijs and Hauswirth, Matthias},
 sauthor    = {Zaparanuks, D. and Hauswirth, M.},
  journal   = {ACM SIGPLAN Notices},
  volume    = {47},
  number    = {6},
  pages     = {67--76},
  year      = {2012},
  publisher = {ACM},
  mynotes   = {A nice reference showing that most people just use standard curve-fitting procedures, even in tools that are specically designed for this sort of analysis. This tool is somehwat unique in that it automatically determines the size and operations of interest that are measured in the algorithm for you. And then it uses standard curve fitting to predict the relationship between operations and instance size. }
}

@article{CopEtAl12,
  title     = {Input-sensitive profiling},
  author    = {Coppa, Emilio and Demetrescu, Camil and Finocchi, Irene},
 sauthor    = {Coppa, E. and Demetrescu, C. and Finocchi, I.},
  journal   = {ACM SIGPLAN Notices},
  volume    = {47},
  number    = {6},
  pages     = {89--98},
  year      = {2012},
  xpublisher = {ACM},
  mynotes   = {A similar paper to the one above ZapHau12, in that they are also automatically profiling to find how portions of code scale with input size. THey use McGEtAl02's methodology to fit models. }
}

@article{CopEtAl14,
  title     = {Input-sensitive profiling},
  author    = {Coppa, Emilio and Demetrescu, Camil and Finocchi, Irene},
 sauthor    = {Coppa, E. and Demetrescu, C. and Finocchi, I.},
  journal   = {{IEEE} Transactions on Software Engineering},
 sjournal   = {{TSE}},
  volume    = {40},
  number    = {12},
  pages     = {1185--1205},
  year      = {2014},
  xpublisher = {IEEE},
  mynotes   = {This is perhaps, just an extended version of the above paper? A very quick glance didn't show you any major difference. }
}

@phdthesis{Sun09,
  title     = {Sampling-based prediction of algorithm runtime},
  author    = {Sun, Quan},
 sauthor   = {Q. Sun},
  year      = {2009},
  school    = {The University of Waikato},
  mynotes   = {The title of this paper lead me to think it might be more principled than it really is. By "sampling-based" they mean they take subspamples of different sizes of a machine learning training set to vary in the input size for their algorithms. They use techniques like thos in McgEtAl02. They do perform an analysis of the variance of independent runs of an algorithm from WEKA. They conclude that the running time distribution is not normal, but they also continue to argue that it's close enough and means are common enough that they use them as an estimate anyways.}
}

@techreport{Bir04,
  title={On the Estimation of the Expected Performance of a Metaheuristic on a Class of Instances},
  author={Birattari, Mauro},
  year={2004},
  institution={Technical Report TR/IRIDIA/2004-01, IRIDIA, Universit{\'e} Libre de Bruxelles}
}

@book{AppEtAl06,
  title={The Traveling Salesman Problem: A Computational Study},
  author={Applegate, David L and Bixby, Robert E and Chv{\'a}tal, Vasek and Cook, William J},
  year={2006},
  publisher={Princeton University Press}
}

@article{AppEtAl12,
  title={The traveling salesman problem, concorde {TSP} solver},
  author={Applegate, David L and Bixby, Robert E and Chv{\'a}tal, Vasek and Cook, William J},
  year={2012},
  url={http://www.tsp.gatech.edu/concorde},
  note={Last visited on 2019-02-05}
}